@INPROCEEDINGS{7988049,
  author={P. {Chandran} and R. {Bhakthavatchalu} and P. P. {Kumar}},
  booktitle={2016 International Conference on Control, Instrumentation, Communication and Computational Technologies (ICCICCT)}, 
  title={Time of flight measurement system for an ultrasonic anemometer}, 
  year={2016},
  volume={},
  number={},
  pages={734-737}
}

@MISC{stackexchange:375346,
    author = {Mammadtri},
    title = {wind meter},
    year = {2018},
    note = {[Online; accessed August 10, 2020]},
    url = {https://i.stack.imgur.com/iRb8b.png}
}

@article{davis1992equation,
  title={Equation for the determination of the density of moist air (1981/91)},
  author={Davis, Richard S},
  journal={Metrologia},
  volume={29},
  number={1},
  pages={67--70},
  year={1992}
}

@article{cramer1993variation,
  title={The variation of the specific heat ratio and the speed of sound in air with temperature, pressure, humidity, and CO2 concentration},
  author={Cramer, Owen},
  journal={The Journal of the Acoustical Society of America},
  volume={93},
  number={5},
  pages={2510--2516},
  year={1993},
  publisher={Acoustical Society of America}
}

@article{rasmussen1997calculation,
  title={Calculation methods for the physical properties of air used in the calibration of microphones},
  author={Rasmussen, Knud},
  year={1997}
}

@MISC{wikipedia:Weather_station,
    author = {Wikipedia},
    title = {Weather station},
    year = {2020},
    note = {[Online; accessed August 13, 2020]},
    url = {https://en.wikipedia.org/wiki/Weather_station}
}

